%
% Knihovna pro efektivní nahrávání obrázků na webový server 
% 
% Licensed under MIT License
%

@misc{html32,
    author    = "W3C",
    title     = "{HTML 3.2 Reference Specification}",
	year	  = "1997",
	howpublished = {\url{http://www.w3.org/TR/REC-html32}},
	note 	  = {cit. 2014-11-15}
}

@misc{MDN_Formdata,
    author    = "{Mozilla Developer Network}",
    title     = "{FormData}",
	howpublished = {\url{https://developer.mozilla.org/en-US/docs/Web/API/FormData}},
	note 	  = {cit. 2015-11-14}
}

@misc{MDN_XMLHttpRequest,
    author    = "{Mozilla Developer Network}",
    title     = "{XMLHttpRequest}",
	howpublished = {\url{https://developer.mozilla.org/en-US/docs/Web/API/XMLHttpRequest}},
	note 	  = {cit. 2015-11-14}
}

@misc{MDN_XMLHttpRequest_progress,
    author    = "{Mozilla Developer Network}",
    title     = "progress",
	howpublished = {\url{https://developer.mozilla.org/en-US/docs/Web/Events/progress}},
	note 	  = {cit. 2015-11-14}
}

@misc{MDN_Canvas,
    author    = "{Mozilla Developer Network}",
    title     = "Canvas",
	howpublished = {\url{https://developer.mozilla.org/en-US/docs/Web/API/Canvas_API}},
	note 	  = {cit. 2015-11-21}
}

@misc{MDN_RequestAnimationFrame,
    author    = "{Mozilla Developer Network}",
    title     = "Window.requestAnimationFrame()",
	howpublished = {\url{https://developer.mozilla.org/en-US/docs/Web/API/window/requestAnimationFrame}},
	note 	  = {cit. 2015-11-21}
}

@misc{MDN_FileReader,
    author    = "{Mozilla Developer Network}",
    title     = "FileReader",
	howpublished = {\url{https://developer.mozilla.org/en-US/docs/Web/JavaScript/Reference/Global_Objects/Promise}},
	note 	  = {cit. 2015-11-21}
}

@misc{MDN_Promise,
    author    = "{Mozilla Developer Network}",
    title     = "Promise",
	howpublished = {\url{https://developer.mozilla.org/en-US/docs/Web/API/FileReader}},
	note 	  = {cit. 2015-11-21}
}

@misc{MDN_WebComponents,
    author    = "{Mozilla Developer Network}",
    title     = "Web Components",
	howpublished = {\url{https://developer.mozilla.org/en-US/docs/Web/Web_Components}},
	note 	  = {cit. 2015-11-21}
}

@misc{MDN_Template_Element,
    author    = "{Mozilla Developer Network}",
    title     = "<template>",
	howpublished = {\url{https://developer.mozilla.org/en-US/docs/Web/HTML/Element/template}},
	note 	  = {cit. 2016-04-13}
}

@misc{MDN_Content_Element,
    author    = "{Mozilla Developer Network}",
    title     = "<content>",
	howpublished = {\url{https://developer.mozilla.org/en-US/docs/Web/HTML/Element/content}},
	note 	  = {cit. 2016-04-24}
}

@misc{MDN_Shadow_DOM,
    author    = "{Mozilla Developer Network}",
    title     = "Shadow DOM",
	howpublished = {\url{https://developer.mozilla.org/en-US/docs/Web/Web_Components/Shadow_DOM}},
	note 	  = {cit. 2016-04-13}
}

@misc{Canvas_toURL,
    author    = "{Mozilla Developer Network}",
    title     = "HTMLCanvasElement.toDataURL(),
	howpublished = {\url{https://developer.mozilla.org/en-US/docs/Web/API/HTMLCanvasElement/toDataURL}},
	note 	  = {cit. 2016-04-13}
}

@misc{Canvas_toBlob,
    author    = "{Mozilla Developer Network}",
    title     = "HTMLCanvasElement.toBlob(),
	howpublished = {\url{https://developer.mozilla.org/en-US/docs/Web/API/HTMLCanvasElement/toBlob}},
	note 	  = {cit. 2016-04-13}
}


@misc{Apple_flash,
    author    = "Steve Jobs",
    title     = "{Thoughts on Flash}",
	year	  = "2010",
	howpublished = {\url{http://www.apple.com/hotnews/thoughts-on-flash/}},
	note 	  = {cit. 2014-11-15}
}

@misc{Android_flash,
    author    = "BBC",
    title     = "{Adobe Flash Player exits Android Google Play store}",
	year	  = "2015",
	howpublished = {\url{http://www.bbc.com/news/technology-19267140}},
	note 	  = {cit. 2014-11-15}
}

@misc{Mobile_OS_share,
    author    = "IDC",
    title     = "{Smartphone OS Market Share, 2015 Q2}",
	year	  = "2015",
	howpublished = {\url{http://www.idc.com/prodserv/smartphone-os-market-share.jsp}},
	note 	  = {cit. 2014-11-15}
}

@misc{Callback_hell,
    author    = "Microsoft",
    title     = "{TypeScript}",
	howpublished = {\url{http://www.typescriptlang.org/}},
	note 	  = {cit. 2014-11-21}
}

@misc{Git_TechCrunch,
    author    = "Klint Finley",
    title     = "{What Exactly Is GitHub Anyway?}",
	howpublished = {\url{http://techcrunch.com/2012/07/14/what-exactly-is-github-anyway/}},
	note 	  = {cit. 2016-04-12}
}

@misc{Webcomponents_polyfill,
    author    = "WebComponents.org",
    title     = "{webcomponents.js}",
	howpublished = {\url{https://github.com/WebComponents/webcomponentsjs}},
	note 	  = {cit. 2016-04-12}
}

@misc{CIU,
    author    = "http://caniuse.com",
    title     = "{Can I use... Support tables for HTML5, CSS3, etc}",
	howpublished = {\url{http://caniuse.com}},
	note 	  = {cit. 2016-04-13}
}

@misc{Opera_History,
    author    = "OPERA SOFTWARE ASA",
    title     = "{Opera Software ASA - Opera version history}",
	howpublished = {\url{http://www.opera.com/docs/history/}},
	note 	  = {cit. 2016-04-13}
}

@misc{Flash_dead,
    author    = "David Goldman, CNNMoney",
    title     = "{The beginning of the end for Adobe's Flash}",
	howpublished = {\url{http://money.cnn.com/2011/11/10/technology/adobe_flash/}},
	year 	  = "2011",
	month 	  = "11",
	note 	  = {cit. 2016-04-13}
}

@misc{WebComponents_state,
    author    = "Wilson Page",
    title     = "{The state of Web Components}",
	howpublished = {\url{https://hacks.mozilla.org/2015/06/the-state-of-web-components/},
	year 	  = "2015",
	month 	  = "6",
	note 	  = {cit. 2016-04-24}
}


@misc{Base64_wiki,
    author    = "Wikipedia",
    title     = "{Base64}",
	howpublished = {\url{https://en.wikipedia.org/wiki/Base64},
	note 	  = {cit. 2016-04-24}
}

@misc{Mixpanel_iphones,
    author    = "MixPanel",
    title     = "{Mixpanel | Mobile Analytics}",
	howpublished = {\url{https://mixpanel.com/trends/#report/iphone_models},
	note 	  = {cit. 2016-05-02}
}

@misc{Mixpanel_iphones,
    author    = "{Apple Inc.}",
    title     = "{iPhone 6 - Technical Specifications - Apple}",
	howpublished = {\url{http://www.apple.com/iphone-6/specs/},
	note 	  = {cit. 2016-05-02}
}
